<collection xmlns="http://www.loc.gov/MARC21/slim"><record><leader>00831nam  2200241   450</leader><controlfield tag="001">890</controlfield><controlfield tag="003">http://montalegre.opacnet.com/OPAC/default.aspx?ContentAreaControl=ShowRegHoldings.ascx&amp;RegNo=16662</controlfield><controlfield tag="005">20</controlfield><datafield tag="095" ind1=" " ind2=" "><subfield code="a">PTBN00037301</subfield></datafield><datafield tag="100" ind1=" " ind2=" "><subfield code="a">19821201d1982    m  y0pora0103    ba</subfield></datafield><datafield tag="101" ind1="1" ind2=" "><subfield code="a">por</subfield><subfield code="c">eng</subfield></datafield><datafield tag="102" ind1=" " ind2=" "><subfield code="a">PT</subfield></datafield><datafield tag="200" ind1="1" ind2=" "><subfield code="a">Bennett</subfield><subfield code="f">Elliott Lewis</subfield><subfield code="g">trad. Eduardo Saló</subfield></datafield><datafield tag="210" ind1=" " ind2=" "><subfield code="a">Mem Martins</subfield><subfield code="c">Europa-América</subfield><subfield code="d">[D.L. 1982]-</subfield></datafield><datafield tag="215" ind1=" " ind2=" "><subfield code="a">v.</subfield><subfield code="d">18 cm</subfield></datafield><datafield tag="225" ind1="2" ind2=" "><subfield code="a">Livros de bolso Europa-América</subfield><subfield code="i">Clube do crime</subfield><subfield code="v">4-</subfield></datafield><datafield tag="304" ind1=" " ind2=" "><subfield code="a">Tít. orig. : Bennett 3 -</subfield></datafield><datafield tag="327" ind1="0" ind2=" "><subfield code="a">1" v.: Quatro assassínos.- 155, [6] p.</subfield></datafield><datafield tag="675" ind1=" " ind2=" "><subfield code="a">82-312.4</subfield><subfield code="v">BN</subfield><subfield code="z">por</subfield><subfield code="3">288123</subfield></datafield><datafield tag="700" ind1=" " ind2="1"><subfield code="a">Lewis</subfield><subfield code="b">Elliott</subfield><subfield code="3">208495</subfield></datafield><datafield tag="702" ind1=" " ind2="1"><subfield code="a">Saló</subfield><subfield code="b">Eduardo</subfield><subfield code="4">730</subfield><subfield code="3">228002</subfield></datafield><datafield tag="801" ind1=" " ind2="0"><subfield code="a">PT</subfield><subfield code="b">Biblioteca Municipal de Montalegre</subfield><subfield code="g">RPC</subfield></datafield><datafield tag="856" ind1=" " ind2=" "><subfield code="u">locateMedia.asp?cod=20060628121654&amp;ext=jpg</subfield><subfield code="z">CAPA</subfield></datafield><datafield tag="909" ind1="&#9;" ind2=" "><subfield code="a">1</subfield></datafield><datafield tag="966" ind1=" " ind2=" "><subfield code="a">0009771</subfield><subfield code="l">BMM</subfield><subfield code="s">SCG 82-312-4 LEW ben 35</subfield></datafield></record></collection>